<record><leader>00000cas a22000007a 4500</leader><controlfield tag="001">34703509</controlfield><controlfield tag="008">960509d19071921okuwr n       0    0eng d</controlfield><datafield ind1=" " ind2=" " tag="010"><subfield code="a">sn 96087722 </subfield></datafield><datafield ind1=" " ind2=" " tag="040"><subfield code="a">OBN</subfield><subfield code="b">eng</subfield><subfield code="c">OBN</subfield><subfield code="d">OCLCQ</subfield><subfield code="d">OCLCO</subfield></datafield><datafield ind1="1" ind2=" " tag="029"><subfield code="a">AU@</subfield><subfield code="b">000025921585</subfield></datafield><datafield ind1=" " ind2=" " tag="042"><subfield code="a">msc</subfield></datafield><datafield ind1="0" ind2="4" tag="245"><subfield code="a">The Kremlin journal.</subfield></datafield><datafield ind1="3" ind2=" " tag="246"><subfield code="a">Journal</subfield></datafield><datafield ind1=" " ind2=" " tag="260"><subfield code="a">Kremlin, Garfield County, Okla. :</subfield><subfield code="b">J.B. Burk</subfield></datafield><datafield ind1=" " ind2=" " tag="300"><subfield code="a">v.</subfield></datafield><datafield ind1=" " ind2=" " tag="310"><subfield code="a">Weekly</subfield></datafield><datafield ind1="0" ind2=" " tag="362"><subfield code="a">Vol. 1, no. 1 (Nov. 22, 1907)-v. 15, no. 46 (Dec. 1, 1921).</subfield></datafield><datafield ind1=" " ind2="0" tag="651"><subfield code="a">Kremlin (Okla.)</subfield><subfield code="v">Newspapers.</subfield></datafield><datafield ind1=" " ind2="0" tag="651"><subfield code="a">Garfield County (Okla.)</subfield><subfield code="v">Newspapers.</subfield></datafield><datafield ind1=" " ind2=" " tag="752"><subfield code="a">United States</subfield><subfield code="b">Oklahoma</subfield><subfield code="c">Garfield</subfield><subfield code="d">Kremlin.</subfield></datafield><datafield ind1="0" ind2="0" tag="780"><subfield code="t">Kremlin new era</subfield><subfield code="w">(DLC)sn 92072424</subfield><subfield code="w">(OCoLC)27076560</subfield></datafield><datafield ind1="0" ind2="0" tag="785"><subfield code="t">Enid labor weekly</subfield><subfield code="w">(DLC)sn 96087723</subfield><subfield code="w">(OCoLC)34703608</subfield></datafield></record>